<?xml version="1.0" encoding="UTF-8"?><record xmlns="http://www.loc.gov/MARC21/slim" xmlns:cinclude="http://apache.org/cocoon/include/1.0" xmlns:zs="http://www.loc.gov/zing/srw/">
  <leader>00525cz  a2200133n  4500</leader>
  <controlfield tag="001">n 2003081643</controlfield>
  <controlfield tag="003">DLC</controlfield>
  <controlfield tag="005">20030605155645.0</controlfield>
  <controlfield tag="008">030604n| acannaabn          |n aaa      </controlfield>
  <datafield tag="010" ind1=" " ind2=" ">
    <subfield code="a">n 2003081643</subfield>
  </datafield>
  <datafield tag="040" ind1=" " ind2=" ">
    <subfield code="a">DLC</subfield>
    <subfield code="b">eng</subfield>
    <subfield code="c">DLC</subfield>
    <subfield code="d">DLC</subfield>
  </datafield>
  <datafield tag="100" ind1="1" ind2=" ">
    <subfield code="a">Hodges, Willard,</subfield>
    <subfield code="d">1778-1817</subfield>
  </datafield>
  <datafield tag="670" ind1=" " ind2=" ">
    <subfield code="a">NUCMC data from Torrington Historical Society for Theodore B. Hodges collection, 1773-1980</subfield>
    <subfield code="b">(Willard Hodges; daybook 1807; Torrington, Conn.)</subfield>
  </datafield>
  <datafield tag="670" ind1=" " ind2=" ">
    <subfield code="a">Hodges, T.B. Erastus Hodges ..., 1994</subfield>
    <subfield code="b">(Willard Hodges; 1778-1817; brother of Erastus Hodges)</subfield>
  </datafield>
</record>